 @misc{privacy_international_2021, 
    title={An unhealthy diet of targeted ads: An investigation into how the Diet Industry Exploits Our Data}, url={https://privacyinternational.org/long-read/4603/unhealthy-diet-targeted-ads-investigation-how-diet-industry-exploits-our-data}, journal={Privacy International}, 
    year={2021}, month={Aug}
    }
    
 @misc{psyd, 
    title={The trouble with tracking},
    url={https://eatingdisorders.dukehealth.org/education/resources/trouble-tracking}, 
    journal={The Trouble with Tracking}, 
    publisher={Duke Center for Eating Disorders}, 
    author={PsyD, Chantal  Gil}
    } 
    
 @misc{katella_2021, 
    title={Eating disorders on the rise after our pandemic year}, url={https://www.yalemedicine.org/news/eating-disorders-pandemic}, journal={Yale Medicine}, 
    publisher={Yale Medicine}, 
    author={Katella, Kathy}, 
    year={2021}, 
    month={Jun}
    } 
    
 @misc{mayo_clinic_2022, 
    title={Choose your Carbs wisely}, url={https://www.mayoclinic.org/healthy-lifestyle/nutrition-and-healthy-eating/in-depth/carbohydrates/art-20045705}, 
    journal={Mayo Clinic}, 
    publisher={Mayo Foundation for Medical Education and Research}, year={2022}, 
    month={Mar}
    } 
    
 @misc{harvard_health_2020, 
    title={Should you try the keto diet?}, url={https://www.health.harvard.edu/staying-healthy/should-you-try-the-keto-diet}, 
    journal={Harvard Health}, 
    publisher={Harvard Health Publishing}, 
    year={2020}, 
    month={Aug}
    } 
    
 @misc{hebert_hernandez_perkins_puig_2022, 
    title={The truth behind weight loss ads}, url={https://consumer.ftc.gov/articles/truth-behind-weight-loss-ads}, journal={Consumer Information}, 
    publisher={Federal Trade Commission}, 
    author={Hebert, Amy and Hernandez, Alesha and Perkins, Rhonda and Puig, Alvaro}, 
    year={2022}, month={Mar}
    } 
    
 @phdthesis{shukla_2017, 
    place={Austin}, 
    title={Selling Skinny: Marketing, Social Media, and Female Body Image}, school={University of Texas at Austin}, 
    author={Shukla, Unnati}, 
    year={2017}
    } 
    
 @misc{AAFA_2021, 
    title={Allergy Facts and Figures}, url={https://www.aafa.org/allergy-facts/}, 
    journal={Asthma and Allergy Foundation of America}, 
    year={2021}, 
    month={Apr}
    } 
    
 @misc{bureau_2022, 
    title={Income and poverty in the United States: 2020}, url={https://www.census.gov/library/publications/2021/demo/p60-273.html}, journal={Census.gov}, 
    publisher={United States Census Bureau}, 
    author={Bureau, US Census}, 
    year={2022}, 
    month={Mar}
    } 